3430 5166
206 58 355 115 8
272 189 1548 362 (p. 8) Item an samcztag [6. VIII.] 2 zimerman
440 335 890 447 per 24, 1 tagbericher per 12
470 471 862 565 facit 60 d.
536 714 1694 865 Die wochn vor Lawrenti.
250 906 1606 1051 Item an mantag vor Sand Laren
386 1042 1556 1161 zen tag [8. VIII.] 2 zimerman per 24,
402 1175 1432 1297 1 tagbericher per 12 facit 60 d.
186 1400 1642 1549 Item von des Englher Wagner huͤtten
346 1524 1452 1655 niderzuprechn 12 d.
160 1666 1666 1815 Item von alten laten aus dem Hirsngra
312 1778 1646 1933 bn FN1 in den stadl zu fuern 4 d.
168 2032 1528 2159 Item umb ain steyͤrichshe dillen
324 2170 1604 2299 11 ß. d. und dem Zauner douon
328 2288 1648 2411 aus dem wasser zu fueren 28
306 2412 1234 2515 d. facit 11 ß. 28 d.
322 2636 1630 2783 Item von der Hulber prukcht FN2 zu besla
338 2762 1558 2885 chn 1 tagbericher 24 d. und
314 2886 1408 2987 6 d. umb nagl facit 30 d.
126 3092 1452 3190 Item von der Hulber prukcht zu
266 3214 1580 3314 machn als syͤ nidergeualln ist
248 3338 1634 3453 mit den gehngen a* gestet 64 d.
92 3556 1584 3670 Item dem Mert mawͤrer FN3 2 ½ tagberich
276 3680 1622 3777 per b* 24 und 4 d. das er
244 3822 1604 3908 das Prukgker tar c4* mit den haͤ
244 3963 1594 4024 ken hat gemacht facit 64 d. *d
88 4152 1630 4261 Item Mertn dem smid das er den
220 4272 1596 4391 hakn und krewͤcz uber den hakn
240 4394 1612 4511 und under den hakn hat ge
212 4516 1068 4629 macht 5 ß. 2 d.
440 4754 1542 4881 Summa lateris 3 tl. 84 d.
3234 125 3345 175 9
1922 283 3422 394 (p. 9) Item von dem zawͤn aufzurawͤmenn
2018 401 3404 504 und die aichn stekchn und sewͤlln
2026 517 3338 624 doraws zu ziechn 8
2020 630 3356 735 tagbericher per 14 facit 3 ß.
2028 752 2326 844 20 d. a* [!]
1836 942 3424 1078 Item von der alten slagprugk FN1 nider
1998 1080 2770 1180 zulegen 16 d.
1826 1286 3296 1394 Item douon in den stadl zu fuͤeren
2018 1396 2442 1514 28 d.
1854 1610 3288 1726 Item umb 2 slos zu dem polberich
2002 1730 2910 1840 und zwinger 16 d.
1994 1991 3226 2088 Vermerkcht was die lukchen
2006 2101 3302 2200 und dem hawͤs peyͤ des Niklasn
2006 2213 2794 2310 muͤl FN2 gestandn ist.
1786 2396 3290 2516 Item von erst als sy geualln ist zu
1948 2536 3336 2654 rawmen 7 tagbericher per 14 facit
1950 2642 2470 2734 3 ß. 8 d.
1784 2838 3240 2956 Item darnach hat gerawmbt b*
1958 2946 3268 3060 an eritag noch Unser Frawͤn
1962 3066 3282 3180 tag zu, der Schidung [16. VIII.] 4 tagbericher
1940 3192 2604 3284 per 13 facit 52 d.
1810 3391 3174 3492 Item darnach am mitichen [17. VIII.]
1954 3493 3286 3611 4 c* tagbericher per 13 und2 stain
1940 3595 3270 3728 precher per 24 facit 3 ß. 10 d.
1784 3784 3248 3886 Item an phincztag [18. VIII.] 2 stainprecher
1910 3906 3354 4004 per 24, 5 tagbericher per 13,89 d. [!]
1786 4134 3304 4234 Item an freyͤtag [19. VIII.] hat man angehe
1944 4250 3276 4350 bt zu mawͤren 3 mawͤrer
1904 4378 3290 4486 per 24 und maister Mertn
1962 4506 3336 4603 28 d3*, moͤrterknecht und tagbericher
1930 4618 3070 4723 6 per 14 facit 6 ß. 4 d.
2140 4828 3022 4924 Summa 2 tl. 7 ß. 3 d.
