3629 5129
490 290 1712 406 (p. 4) Item an mantag noch Sand Phil¬
484 409 1696 520 ipps tag [2. V.] 4 zimerman per
468 529 1688 626 24 und maister Lienhartn
492 639 1658 753 28 und 4 tagbericher per 10
464 751 1106 845 facit 5 ß. 14 d.
472 919 1760 1049 Item an eritag des Heylign Kreuͤcz
468 1035 1014 1129 tag [3. V.] vacat.
226 1206 1774 1333 Item an mitichn [4. V.] 4 zimerman per
424 1328 1710 1457 24 und maister Lienhartn 28
434 1454 1766 1589 und 4 tagbericher per 10 facit 5 ß. 14 d.
218 1654 1674 1793 Item an phincztag (5. V.] 4 zimerman per
400 1784 1710 1909 24, maister Lienhartn 28
394 1912 1730 2041 und 4 tagbericher per 10 facit 5 ß. 14 d.
202 2100 1678 2237 Item an freytag [6. V.] 2 zimerman per 24,
374 2235 1690 2357 maister Lienhartn 28 und
374 2355 1698 2485 4 tagbericher per 10 facit 3 ß. 26 d.
366 2582 1654 2699 Item an samcztag [7. V.] 2 zimerman per
378 2712 1714 2827 24 und maister Lienhartn
392 2838 1694 2969 28, 2 tagbericher per 10 facit 3 ß.
384 2972 634 3061 6 d.
404 3281 1582 3377 Die wachn
558 3387 1310 3491 Pangraͤczn tag a.
190 3614 1594 3739 Item an mantag vor Sand Pan
334 3746 1676 3871 graczi tag [9. V.] 2 zimerman per 24
314 3875 1636 3996 und umb fuͤniff halpawm per 12, 1 tagbericher
344 3994 1618 4139 per 10 b facit 3 ß.
340 4124 738 4229 28 d.
560 4440 1710 4545 Summa lateris 3 tl. 3 ß. 12 d.
3264 153 3428 203 5
1944 305 3380 396 (p. 5) Item an eritag [10. V.] 2 zimerman per 24,
2106 423 3266 532 1 tagbericher per 10 d.facit 58 d.
1916 655 3356 764 Item als man das polberich mit
2074 775 3348 882 aim scheff zustrassen hat
2050 897 3342 994 2 zimerman per 24 und 4
2062 1014 3372 1110 fert stain darczuͤe zu fuͤeren
2068 1136 2828 1228 per 3 d. facit 60 d.
2056 1317 3382 1416 Item umb ain klampfn in das
2106 1439 2738 1528 polberich 20 d.
1890 1641 3500 1754 Item dem Zauner FN1 von 6 ferten aichen
2078 1763 3278 1884 zu dem polberich zu fuͤeren per
2088 1889 3060 1988 14 facit 84 d.
1908 2079 3436 2186 Item von dem kat beyͤ dem Heltar FN2
2066 2201 3408 2306 und vor dem Heltar als der
2054 2331 3438 2433 kuͤnig FN3 koͤmen ist 42 d. fuder
2060 2430 2726 2527 zu rawͤmen.
1902 2608 3358 2706 Item von dem scheff in dew rais
2062 2722 3380 2826 gen Weitenek FN4 zu dekchen
2054 2836 3496 2952 und tisch zu machen 14 tag
2054 2948 3270 3074 bericher per 24 facit 11 ß. 6 d.
2050 3125 3436 3252 Item umb 6 hundert nagl zu dem
2050 3259 3282 3368 scheff und zu den tischen
2036 3397 2850 3496 per 12 facit 72 d.
1904 3621 3392 3725 Item umb dreyͤ rafn zu dem scheff
2054 3736 2534 3811 33 d.
1894 3918 3354 4018 Item viͤer geheng zu dem scheff
2064 4040 2470 4127 24 d.
1896 4238 3438 4334 Item umb ain v[. .]nten flos zu der wer 60
2056 4348 3240 4448 holcz per 6 facit 12 ß. d.
1898 4515 3474 4622 Item umb laten und umb almische
2050 4629 2978 4722 holz dorauf 1 tl. d.
2162 4809 3384 4910 Summa lateris 5 tl. 4 ß. 9 d.
