4820 7095
3204 1530 3344 1584 (p. 2)
3392 1691 4717 1815 Vermerkcht mein ausgebn so ich
3388 1829 4737 1942 auf das statpawͤ getan hab
3398 1939 4370 2045 anno domini etc. Iviito.
3191 2166 4780 2248 Item von dem weg in der Laimgrüeb FN1
3377 2251 4433 2344 zu machen 10 ß. 20 d.
3208 2448 4773 2583 Item von dem weg in Warperig FN2 zu
3362 2574 4053 2672 machn 70 d.
3175 2815 4689 2920 Item umb zwen newͤ maissl zu
3392 2928 4712 3059 der staͤt 84 d. und zu
3341 3098 4733 3180 anhelbm und zu spiczn 12 d.
3198 3268 4731 3400 Item von den grassen aichen zu
3362 3412 4768 3533 wald zu slachn 6 tagberich
3306 3538 4743 3655 per 12 und maister Lienhartn FN3 1
3331 3728 4668 3792 tagberich per 24 d. und umb
3364 3799 4723 3901 wein 12 d. facit 3 ß. 18 d.
3250 3999 4775 4108 Item von den 11 aichn von wald
3364 4166 4748 4234 zu fuͤern per 80 facit 3 tl. 5 ß.
3357 4288 3659 4339 10 d.
3200 4439 4703 4546 Item von den 11 aichn zu varst
3337 4579 4526 4634 miet per 20 facit 7 ß. 10 d.
3230 4775 4733 4890 Item von aim straiffpawͤm in de
3452 4895 4750 5002 prukcht FN4 zu machn und das
3368 5078 4677 5150 eyͤs fuder zu rawͤmen 55 d.
3200 5260 4743 5362 Item von der prugkt *b
3338 5401 4696 5484 under dem Hulbertar FN5 umbzule¬
3328 5497 4692 5598 gen 4 tagberich per 24 facit
3332 5615 3893 5722 3 ß. 6 d.
3937 5865 4779 5919 Summa lateris 7 tl. 5 ß. 15 d. c
