3580 5120
282 25 452 77 6
354 221 1738 417 (p. 6) Item umb 50 almische holcz per
514 359 1746 545 3 facit 5 ß. d., die sind noch ver¬
508 479 924 587 hannden.
298 603 1726 811 Item umb 47 strab rafen per 2
460 735 1644 917 zu der wer facit 3 ß. 4 d.
454 957 1742 1147 Item von dem holcz ab dem wasser
440 1102 1762 1268 in den stadl FN1 und in das pol¬
450 1222 1750 1380 berich zu fuͤern und zu tragen
418 1352 1742 1497 und das schef zu rawmen
420 1471 1716 1613 und zu wasschn, als es von
438 1597 1692 1735 erst kamen ist, das gestet
432 1727 1106 1833 alles 64 d.
384 1895 1720 2043 Item umb ½ huͤndert lattnagl
408 2027 1676 2181 zu dem Haher haws 8 d.
366 2193 1748 2339 Item umb ain hundert und 20 latten
384 2315 1580 2447 zu der wer ½ tl. d. per 1 d.
360 2513 1638 2644 Item umb 3 tawͤsent schintl zu
368 2651 1692 2756 der wer per 4 ½ ß. *a facit 13 ß. *b
364 2773 628 2877 15 d.
334 2932 1608 3042 Item umb 2 ½ tausent schintel zu der
336 3046 1456 3154 wer per 5 ß. facit 12 ½ ß. *e *d.,
356 3176 1640 3291 von den schintln hat man
420 3300 1604 3409 1 tawͤsent zu des Nachge
350 3419 1520 3519 richts hawͤs FN2 genoͤmen.
302 3603 1620 3711 Item umb ain tausent lattnagel
300 3741 1572 3851 zu der wer per 15 facit 5 ß. d.
282 3923 1620 4031 Item 6 tausent schintlnagl per 52
322 4057 934 4149 facit 10 ß. 12 d.
284 4304 1512 4412 Vermerkcht was die wer
348 4422 1450 4522 zu zimeren gestandn ist.
512 4676 1586 4792 Summa lateris 6 tl. 7 ß.
526 4783 988 4888 28 d. *d
3247 127 3456 194 7
2020 233 3368 356 (p. 7) Die wochn Sand Jacobs tag.
1936 425 3434 534 Item an mantag Sand Jacobs tag [25. VII.]
2068 548 2388 642 vacat.
1920 741 3424 870 Item an eritag [26. VII.] 3 zimerman per 24
2074 877 2634 980 facit 72 d.
1930 1092 3412 1198 Item an mitichn [27. VII.] 2 zimerman
2086 1213 2638 1319 per 24 facit 48 d.
2108 1333 3452 1439 Item 2 tagberich per 12 facit 24 d.
1938 1587 3310 1694 Item an phincztag [28. VII.] 2 zimerman per
2058 1703 3398 1820 24, 1 tagbericher per 12 facit 60 d.
1938 1952 3380 2060 Item an freyͤtag [29. VII.] 2 zimerman per 24,
2070 2084 3074 2184 1 tagbericher per 12 facit 60 d.
1946 2260 3422 2375 Item an samcztag (30. VII.] 2 zimerman per 24,
2096 2378 3244 2503 1 tagbericher per 12 d. facit 60 d.
2134 2553 3468 2676 Die wochen dorin Sand Steffans
2154 2681 2566 2780 tag stet.
2090 2833 3438 2977 Item an mantag vor Sand Steffans
2088 2953 3476 3097 tag [1. VIII.] 2 zimerman per 24, 1 tagbericher
2068 3079 3040 3199 per 14 d. facit 62 d.
2038 3273 3376 3391 Item an eritag [2. VIII.] 2 zimerman per 24
2052 3385 3232 3506 und des tags hat man die
2034 3496 3300 3615 prugk pey dem tar auch gepessert,
2036 3611 3300 3734 1 tagbericher per 14
2016 3731 2532 3839 facit 62 d.
1824 3927 3256 4050 Item an michtichen Sand Steffans
1980 4057 2528 4160 tag [3. VIII.] vacat.
1832 4231 3352 4388 Item an phincztag [4. VIII.] 2 zimerman per
1940 4367 3340 4510 24, 1 tagbericher per 14 facit 62 d.
1798 4579 2832 4696 Item an freitag [5. VIII.] vacat.
2086 4793 2978 4914 Summa lateris 2 tl. 30 d.*a
