3460 5190
286 230 1578 300 Item an phincztag noch Sand
408 327 1578 409 Andres tag [1. XII.] 5 zimerman per 20,
404 436 1618 517 maister Lienharten 24 und
398 535 1674 622 4 tagbericher per 10 facit 5 ß. 14 d.
164 712 1724 808 Item an freitag [2. XII.] 5 zimerman per 20, maister
364 822 1704 903 Lienhartn 24 und 4 tagbericher
356 915 1140 1006 per 10 facit 5 ß. 14 d.
170 1108 1640 1208 Item an sambcztag [3. XII.] 5 zimerman per 20,
344 1222 1656 1332 maister Liehartn 24, 1 tagbericher
384 1336 1088 1446 per 10 facit ½ tl. 14 d.
110 1542 1628 1666 Item an mantag nach vor FN3 Sand Niklas
318 1680 1648 1766 tag [5. XII.] 2 zimerman per 20, maister Lien¬
308 1786 1444 1878 hartn 24 facit 64 d.
176 1960 1544 2068 Item an eritag Sand Niklas tag [6. XII.]
380 2084 696 2170 vacat.
162 2252 1720 2336 Item an mitichn und an phincztag [7. ud 8. XII.]
318 2366 1708 2450 2 zimerman per 20, die di plankchen
298 2478 1672 2564 pey dem Asterhof und die stie
326 2594 1732 2686 gn auf die mawr gepessert
310 2706 1652 2804 habent und den aͤriker“ in
314 2816 1566 2908 dem Keczer tuͤern FN1 gedekcht
298 2932 1198 3032 haben facit 80 d.
102 3106 1560 3200 Item umb ain slüssl zu dem stadl
324 3210 492 3297 3 d.
140 3354 1642 3462 Item 4 d. zwain knechten, die mir
306 3471 1672 3559 das holcz aus der Krembs hab
300 3575 1018 3669 ent gerawͤmbt.
110 3750 1682 3847 Item von dem altn schrapawn und
310 3860 1654 3956 von dem zainczigen holcz
306 3986 1626 4086 von der Krembs in den stadl
296 4108 1080 4196 zu fuͤeren 8 d.
100 4286 1642 4396 Item dem Winklsmid FN2 umb ain nagl
250 4396 1364 4482 in dem snaller 28 d.
278 4554 1258 4666 Summa 2 tl. 5 ß. 15 d. e*
2986 0 3102 69 13
1872 112 3176 319 (p. 13) Item umb 1 nerib zu dem schranken
1988 228 3212 431 auf der Huͤlben und umb 2
1980 351 3158 543 geheng and die huetkamer und
1960 465 3192 660 umb zwo keten und nerib und
1964 581 3200 768 umb ain hundert lattnagl 56 d.
1858 772 3212 938 Item dem Poͤlln FN1 umb zainczig für
1982 931 2182 1021 40 d.
1856 1001 3192 1205 Item dem Erhartn FN2 von sambt und
1972 1114 3242 1295 kalich aus dem stadl under Prucker
2008 1262 2936 1401 tar zu fueren ½ tl. 10 d.
1840 1414 3198 1584 Item dem 2 Erhartn 12 vert sampt
2040 1546 3158 1652 zu fuern per 3 facit 36.
1868 1773 3232 1887 Item umb 9 schragn pawͤm zu
1998 1883 3266 2009 den schranken in dew Krembs
1986 2004 3306 2128 dem Pawͤl Pekchn FN3 und dem Ven¬
2002 2136 2582 2240 dlen 4 ½ tl. 6 d.
1852 2353 3232 2459 Item von den puluer vaͤsln zu pinten
2004 2493 2140 2603 10 d.
1868 2643 3290 2735 Item von den rafn aus dem polberich zu
1972 2769 3212 2865 rawmen, das man die puͤxen hat muͤgn gelegen 10 d.
1970 2899 3026 2995 Summa 13 ß. 18 d.
