3501 5211
326 259 1678 377 (p. 10) Item an samcztag [20. VIII.] 3 mawͤrer
426 377 1688 485 per 24, maister Mertn 28,
426 506 1718 617 morterknecht und tagbericher 7 a*
436 615 1566 722 per 14 facit 6 ß. 18 d.
498 849 1650 955 Die wochn Sand Pertlmee.
198 1029 1704 1133 Item an mantag vor Sand Pertlmee
358 1151 1686 1249 tag [22. VIII.] 4 mawrer per 24, maister
364 1275 1594 1373 Mertn 28, morterknecht
388 1402 1544 1487 und tagbericher 6 per 14 facit
396 1502 1066 1599 6 ß. 28 d.
180 1717 1548 1819 Item an eritag an Sand Pertlmee
354 1833 1508 1933 abent [23. VIII.] 4 mawrer per 24,
350 1953 1578 2055 maister Mertn 28 und 6
344 2073 1728 2191 tagbericher per 14 facit 6 ß. 28 d.
176 2295 1690 2397 Item an mitichn Sand Pertlmes tag [24. VIII.]
334 2419 684 2513 vacat.
188 2621 1652 2717 Item an phincztag [25. VIII.] 4 mawͤrer
306 2738 1652 2833 per 24, maister Merten 28
290 2870 1718 2963 und 7 tagbericher per 14 und ain
290 2986 1680 3071 vart laten zu dem gerust aus
308 3093 1620 3193 dem stadl zu fuern 3 d. facit
310 3207 872 3303 7 ß. 15 d.
116 3411 1694 3517 Item an freytag [26. VIII.] 4 mawrer per 24,
304 3523 1654 3651 maister Mertn 28 und
300 3639 1638 3753 7 tagbericher per 14 facit 7 B. 12 d.
148 3847 1508 3950 tem an sambeztag [27. VIII.] 4 tagberich  pro
308 3947 1522 4072 24, maister Mertn 28,
274 4070 1554 4198 7 tagbericher per 14 facit 7 ß.
302 4174 564 4258 12 d.
98 4325 1688 4439 Item von dem Hulber tar zu beslachn
300 4427 1672 4533 24 d., 1 huͤndert nagl 16 d.
306 4535 706 4625 facit 40 d.
336 4781 1294 4883 Summa 5 tl. 4 ß. 13 d. e*
3068 40 3204 126 11
2076 170 3312 280 (p. 11) Die wochn vor Sand Giligen
2140 292 2340 376 tag.
1874 398 3362 540 Item an mantag vor Sand Giligen
2028 510 3352 638 tag [29. VIII.] 2 mawrer per 24, 3 tagbericher
2018 646 2752 766 per 14 facit 3 ß. d.
1852 848 3294 998 Item an eritag [30. VIII.] 1 mawͤrer per 24,
2000 966 3298 1094 1 tagbericher per 14 facit 38 d.
1850 1162 3306 1292 Item ain vas kalich von dem Fro
1998 1276 3218 1387 lich FN1 under das tar zu ziechen
2004 1402 2280 1501 12 d.
1840 1586 3288 1690 Item von der mawͤr zu verberffen 2
1994 1706 3220 1816 tagberich per 24, 3 tagbericher per
2006 1828 2724 1916 14 facit 3 ß. d.
1832 2025 3270 2113 Item umb ain vas kalich das man
1986 2131 3200 2219 dem Froͤlich keltn hat 10 ß.,
1970 2244 3226 2344 douon auf das land ziechn
1958 2361 3358 2474 12 d., douon auf und abcziechn
1968 2461 3218 2576 14 d. und douon hincz dem
1982 2580 3386 2714 Froͤlich zu füeren 10 d. facit 11 ß. 6 d.
1800 2778 3388 2898 Item von dem aͤrich holcz in das polberich
1942 2896 2604 2980 zu tragen 10 d.
1816 3060 3356 3160 Item umb 2 paͤwm zu der gerichtlaitter
1948 3164 3364 3284 8 d., douon zu machn 36 d.
1992 3360 3396 3476 Vermerkcht was auf die schran
2012 3476 3292 3578 kn a* in der Krembs FN2 und auf der
2012 3584 3392 3702 Hulbn FN3 und das sletar b* und
2008 3690 3346 3818 die huetkamer von new zu ma
1990 3798 2914 3904 chnund den snaller.
1786 3950 3364 4115 Item an Sand Andres abent [29. XI.] 5 zimermann
1972 4072 3260 4213 per 20 c*, maister Lienharten per
1960 4196 3230 4332 24, 1 tagbericher per 10 facit ½ tl.
1962 4324 2274 4406 14 d.
1928 4734 3008 4826 Summa lateris 3 tl. 26 d. d*
