10000 7096
3346 1701 4712 1819 Vermerkcht mein ausgebn so ich
3372 1827 4700 1943 auf das statpawͤ getan hab
3390 1942 4338 2047 annodomini etc. Iviito.
3240 2099 4760 2229 Item von dem weg in der Laimgruͤeb FN1
3360 2248 4254 2307 zu machen 10 ß. 20 d.
3218 2459 4758 2583 Item von dem weg in Warperig FN2
3360 2585 4016 2671 zu machn 70 d.
3216 2815 4656 2923 Item umb zwen newͤ maissl zu
3358 2941 4670 3059 der staͤt 84 d. und zu
3356 3075 4722 3187 anhelbm undzu spiczn 12 d.
3198 3287 4690 3403 Item von den grassen aichen zu
3370 3421 4728 3538 wald zu slachn 6 tagberich a per
3374 3553 4656 3650 12 und maister Lienhartn 3 1 tagberich
3360 3687 4652 3781 per 24 d. und umb
3360 3815 4658 3905 wein 12 d. facit 3 ß. 18 d.
3240 4011 4724 4113 Item von den 11 aichn von wald
3390 4135 4724 4257 zu fuͤern per 80 facit 3 tl. 5 ß.
3386 4265 3602 4353 10 d.
3238 4455 4634 4543 Item von den 11 aichn zu varst-
3402 4573 4478 4665 miet per 20 facit 7 ß. 10 d.
3230 4791 4674 4885 Item von aim straiffpawͤm in de
3392 4911 4716 5003 prukcht 4 zu machn und das
3362 5027 4660 5133 eyͤsfuder zu rawͤmen 55 d.
3230 5261 4734 5365 Item von der prugkt *b under
3344 5388 4668 5493 dem Hulbertar FN5 umbzule
3346 5507 4650 5616 gen 4 tagberich per 24 facit
3358 5631 3864 5723 3 ß. 6 d.
4052 5850 4650 5934 Summa lateris 7 tl. 5 ß. 15 d. *c
4936 1688 6254 1796 (p. 3) Item von dem Warperig grabn FN1
5028 1820 6286 1931 zwiͤer zu rawͤmen und von
5030 1940 6230 2045 dem tar zu machn und umb
5048 2052 6292 2160 nagl zu dem taͤr, das gestet
5068 2194 5208 2282 50 d.
4882 2327 6398 2439 Item umb 7 stangen zu den fewͤr¬
5034 2466 5704 2551 haͤken 14 d.
4910 2636 6440 2732 Item umb 60 holcz zu aͤrich stekchen
5030 2760 5738 2852 per 6 facit 12 ß. d.
5028 2880 6486 2984 Idem umb 73 latn per 3 facit 7 ß. 9 d.
5046 3024 6406 3146 Idem von dem holcz und latn ab
5032 3162 6496 3268 dem wasser zu pringen 32 d.
5012 3298 6376 3400 Idem von dem holcz zu hawͤpn 12 d.
5076 3424 5384 3512 Item von dem kat in dew Pekchnschu¬
4900 3594 6424 3696 pphn 2 zu ziechn 24 d. dem
5064 3712 6408 3816 schretln.
5054 3844 5476 3950 Item von dem tar pey des Aichperiger
4884 4020 6436 4104 mül 3 zu vermawͤern 3 tag¬
5044 4120 6442 4218 berich per 24 und zu raich 2 tagberich
5028 4237 6496 4342 per 10 facit 3 ß. 2 d.
5154 4392 5858 4442 Vermerkcht was auf das polberich
4974 4586 6488 4686 beyͤ dem Asterhof FN4 gegangn ist.
5002 4706 6482 4804 Item von erst an Sand Philipphs
4936 4904 6410 5020 abent [30. IV. 1457] fuͤniff zimerman per 24
5052 5032 6390 5138 und maister Lienhartn 28
5020 5166 6426 5272 und 6 tagbericher per 10 facit 6 ß.
4978 5302 6300 5404 28 d.
5018 5430 5486 5546 Summa lateris 4 tl. 51 d.
