3570 5080
174 66 278 224 18
358 206 1714 308 (p. 18) Vermerkcht was die Pekchnsch
422 320 1650 410 upphn von erst gestanden
418 441 570 532 ist.
236 584 1694 688 Item zimerlaͤwten 14 tagberich per 24
406 692 998 776 facit 11 ß. 6 d.
236 830 1640 916 Item umb 14 halbpawͤn per 15 facit
358 936 712 1024 7 ß. d.
204 1072 1532 1201 Item umb ain polsterholcz 30 d.
238 1246 1604 1377 Item 6 tagbericher per 12 facit 72 d. a*
224 1456 1474 1573 Item dem Poͤlln zu fuͤr 20 d.
486 1692 1604 1794 Vermerkcht was sy zu dem
490 1816 1310 1928 mal gestandn ist.
232 2034 1566 2139 Item Lienhart zimerman 10 tagberich
370 2152 1086 2253 per 24 1 tl. d.
208 2342 1710 2461 Item umb drew polsterholcz 3 ß. d.
210 2530 1800 2649 Item umb 80 laten 1 tl. d. per 3 d.
196 2704 1746 2841 Item 10 tagbericher per 14 facit ½ tl. 20 d.
194 2899 1654 3019 Item von dem holcz zu fuͤern dem
372 3028 670 3119 Richter. b1*
234 3158 1732 3291 Item dem Polln zu fueren 4 vert
382 3290 1014 3393 per 3 facit 12 d.
238 3432 1804 3557 Item 4 tagbericher per 14 und 4 tagbericher
362 3576 1364 3683 per 8 facit 3 ß. minus 2 d.
236 3740 1414 3853 Item den schuelern 34 d.
250 3904 1762 4037 Item umb ain pant umb die sewͤlen
344 4096 671 4151 10 d.
608 4558 1468 4681 Summa 6 tl. 82 d.
1960 140 3500 293 (p. 19) Innemen 63 tl. 4 ß. 22 d.
2130 466 3230 599 Summa summarum alles seins
2048 612 3356 741 ausgebens 61 tl. a* 10 d.
1974 922 3348 1041 Ains gen dem ander aufgehebt
2012 1040 3392 1171 und abczagen so ist er nach
2098 1173 3372 1293 schuldig 2 tl. 4 ß. 12 d. b*
